<record><leader>00000cas a22000007a 4500</leader><controlfield tag="001">10255916</controlfield><controlfield tag="008">831229d18691872maudn ne      0    0eng d</controlfield><datafield ind1=" " ind2=" " tag="010"><subfield code="a">sn 83021563 </subfield></datafield><datafield ind1=" " ind2=" " tag="040"><subfield code="a">NPX</subfield><subfield code="b">eng</subfield><subfield code="c">NPX</subfield><subfield code="d">MGN</subfield><subfield code="d">OCLCQ</subfield></datafield><datafield ind1=" " ind2=" " tag="042"><subfield code="a">msc</subfield></datafield><datafield ind1=" " ind2=" " tag="043"><subfield code="a">n-us-ma</subfield></datafield><datafield ind1="0" ind2=" " tag="130"><subfield code="a">Boston evening times (Boston, Mass. : 1869)</subfield></datafield><datafield ind1="1" ind2="0" tag="245"><subfield code="a">Boston evening times.</subfield></datafield><datafield ind1="1" ind2="3" tag="246"><subfield code="a">Boston times</subfield></datafield><datafield ind1=" " ind2=" " tag="260"><subfield code="a">Boston [Mass.] :</subfield><subfield code="b">Thayer &amp; Dunham</subfield></datafield><datafield ind1=" " ind2=" " tag="300"><subfield code="a">volumes :</subfield><subfield code="b">illustrations ;</subfield><subfield code="c">51 cm</subfield></datafield><datafield ind1=" " ind2=" " tag="310"><subfield code="a">Daily (except Sun.)</subfield></datafield><datafield ind1=" " ind2=" " tag="336"><subfield code="a">text</subfield><subfield code="b">txt</subfield><subfield code="2">rdacontent</subfield></datafield><datafield ind1=" " ind2=" " tag="337"><subfield code="a">unmediated</subfield><subfield code="b">n</subfield><subfield code="2">rdamedia</subfield></datafield><datafield ind1=" " ind2=" " tag="338"><subfield code="a">volume</subfield><subfield code="b">nc</subfield><subfield code="2">rdacarrier</subfield></datafield><datafield ind1="0" ind2=" " tag="362"><subfield code="a">Vol. 1, no. 1 (Sept. 1, 1869)-v. 4, whole no. 949 (Sept. 30, 1872).</subfield></datafield><datafield ind1=" " ind2=" " tag="500"><subfield code="a">"Evening" appears in title ornament.</subfield></datafield><datafield ind1=" " ind2=" " tag="500"><subfield code="a">Editor: R.C. Dunham, 1869-&lt;1872&gt;.</subfield></datafield><datafield ind1=" " ind2=" " tag="500"><subfield code="a">Publisher: Times Pub. Co., 1872.</subfield></datafield><datafield ind1=" " ind2=" " tag="580"><subfield code="a">Weekly eds.: Boston Sunday times, 1869-1871, and: Boston times (Boston, Mass. : 1871), 1871-1872.</subfield></datafield><datafield ind1="1" ind2=" " tag="700"><subfield code="a">Dunham, Robert Carr.</subfield></datafield><datafield ind1=" " ind2=" " tag="752"><subfield code="a">United States</subfield><subfield code="b">Massachusetts</subfield><subfield code="c">Suffolk</subfield><subfield code="d">Boston.</subfield></datafield><datafield ind1="1" ind2=" " tag="775"><subfield code="t">Boston Sunday times</subfield><subfield code="w">(DLC)sn 83021561</subfield></datafield><datafield ind1="1" ind2=" " tag="775"><subfield code="t">Boston times (Boston, Mass. : 1871)</subfield><subfield code="w">(DLC)sn 83021562</subfield></datafield><datafield ind1="0" ind2="0" tag="785"><subfield code="t">Boston times (Boston, Mass. : 1872)</subfield><subfield code="w">(DLC)sn 92057045</subfield></datafield><datafield ind1="1" ind2=" " tag="029"><subfield code="a">AU@</subfield><subfield code="b">000025804738</subfield></datafield></record>